@article{HFMNF15,
	title		={{How safe is YouNow? An empirical study on possible law infringements in Germany and the United States}},
	author		={Honka, Axel and Frommelius, Nils and Mehlem, Anika and Tolles, Jan-Niklas and Fietkiewicz, Kaja J},
	journal		={The Journal of MacroTrends in Social Science},
	volume		={1},
	number		={1},
	pages		={1--17},
	year		={2015}
}
@online{YTD15,
	author		= {YouNow Deutschland},
	title		= {{Eine Nachricht an alle deutschen Nutzer}},
	year		= 2015,
	url			= "\url{http://blog.younow.com/post/109615590444/eine-nachricht-an-alle-deutschen-nutzer-von-younow}",
	urldate		= {28.11.2016}
}
@online{ZEIT15,
	author		= {Zeit Online, Eike K\"uhl},
	title		= {{Seht her, ich bin beliebt!}},
	year		= 2015,
	url			= "\url{http://www.zeit.de/digital/internet/2015-02/younow-streaming-jugendschutz-stalker}",
	urldate		= {28.11.2016}
}
@online{KS15,
	author		= {Klicksafe},
	title		= {{Sicher auf YouNow unterwegs}},
	year		= 2015,
	url			= "\url{http://www.klicksafe.de/themen/kommunizieren/apps/younow/sicher-auf-younow-unterwegs/}",
	urldate		= {28.11.2016}
}
@online{MD10,
	author		= {Kirsten Doner},
	title		= {{YouNow-Skandal: Minderj\"ahrige zieht sich aus}},
	year		= 2016,
	url			= "\url{http://www.maedchen.de/artikel/younow-skandal-minderjaehrige-zieht-sich-aus-2900751.html}",
	urldate		= {28.11.2016}
}
@online{STERN15,
	author		= {Malta Mansholt},
	title		= {{Tiefe Einblicke ins Kinderzimmer}},
	year		= 2015,
	url			= "\url{http://www.stern.de/digital/online/younow--paedophile-lieben-diese-app-3965596.html}",
	urldate		= {28.11.2016}
}
@online{WBS15,
	author		= {Christian Solmecke},
	title		= {{YouNow gesteht Fehler ein}},
	year		= 2015,
	url			= "\url{https://www.wbs-law.de/it-recht/younow-gesteht-fehler-ein-60208/}",
	urldate		= {28.11.2016}
}
@article{vaterlaus2016snapchat,
	title		= {“Snapchat is more personal”: An exploratory study on Snapchat behaviors and young adult interpersonal relationships},
	author		= {Vaterlaus, J Mitchell and Barnett, Kathryn and Roche, Cesia and Young, Jimmy A},
	journal		= {Computers in Human Behavior},
	volume		= {62},
	pages		= {594--601},
	year		= {2016},
	publisher	= {Elsevier}
}
@online{statista-allg,
	author		= {Statista},
	title		= {{Soziale Netzwerke -- Statista-Dossier}},
	year		= 2016,
	url			= "\url{https://de.statista.com/statistik/studie/id/11852/dokument/soziale-netzwerke-statista-dossier/}",
	urldate		= {11.11.2016}
}
@online{statista-snap,
	author		= {Statista},
	title		= {{Snapchat -- Statista-Dossier}},
	year		= 2015,
	url			= "\url{https://de.statista.com/statistik/studie/id/29947/dokument/snapchat-statista-dossier/}",
	urldate		= {11.11.2016}
}
@online{statista-jugendliche,
	author		= {Statista},
	title		= {{Umfrage zur Nuzung sozialer Netzwerke durch Kinder und Jugendliche 2014}},
	year		= 2014,
	url			= "\url{https://de.statista.com/statistik/daten/studie/298176/umfrage/umfrage-zur-nutzung-sozialer-netzwerke-durch-kinder-und-jugendliche/}",
	urldate		= {27.11.2016}
}
