@article{ma:2013:commercial,
  title={How Safe is YouNow? –An Empirical Study on Possible Law Infringements in Germany and the United States},
  author={Axel Honka, Nils Frommelius, Anika Mehlem, Jan-Niklas Tolles and Kaja J. Fietkiewicz},
  journal={Heinrich-Heine-University, Düsseldorf},
  pages={14},
  year={2015},
  publisher={Springer}
}

@incollection{weikert:2013:model,
  title={A Model of Commercial Open Source Software Product Features},
  author={Weikert, Florian and Riehle, Dirk},
  booktitle={Software Business. From Physical Products to Software Services and Solutions},
  pages={90--101},
  year={2013},
  publisher={Springer}
}

@article{riehle:2011:controlling,
  title={Controlling and Steering Open Source Projects},
  author={Riehle, Dirk},
  journal={Computer},
  pages={93--96},
  year={2011},
  publisher={IEEE Computer Society}
}

@article{riehle:2007:economic,
  title={The economic motivation of open source software: Stakeholder perspectives},
  author={Riehle, Dirk},
  journal={Computer},
  volume={40},
  number={4},
  pages={25--32},
  year={2007},
  publisher={IEEE}
}

% Johannes Pfann references:
@article{honka2015safe,
	title		={How safe is YouNow? An empirical study on possible law infringements in Germany and the United States},
	author		={Honka, Axel and Frommelius, Nils and Mehlem, Anika and Tolles, Jan-Niklas and Fietkiewicz, Kaja J},
	journal		={The Journal of MacroTrends in Social Science},
	volume		={1},
	number		={1},
	pages		={1--17},
	year		={2015}
}



% Johannes Stadlinger references
@article{vaterlaus2016snapchat,
	title		= {“Snapchat is more personal”: An exploratory study on Snapchat behaviors and young adult interpersonal relationships},
	author		= {Vaterlaus, J Mitchell and Barnett, Kathryn and Roche, Cesia and Young, Jimmy A},
	journal		= {Computers in Human Behavior},
	volume		= {62},
	pages		= {594--601},
	year		= {2016},
	publisher	= {Elsevier}
}

@online{statista-allg,
	author		= {Statista},
	title		= {{Soziale Netzwerke -- Statista-Dossier}},
	year		= 2016,
	url			= "\url{https://de.statista.com/statistik/studie/id/11852/dokument/soziale-netzwerke-statista-dossier/}",
	urldate		= {11.11.2016}
}

@online{statista-snap,
	author		= {Statista},
	title		= {{Snapchat -- Statista-Dossier}},
	year		= 2015,
	url			= "\url{https://de.statista.com/statistik/studie/id/29947/dokument/snapchat-statista-dossier/}",
	urldate		= {11.11.2016}
}

@online{statista-jugendliche,
	author		= {Statista},
	title		= {{Umfrage zur Nuzung sozialer Netzwerke durch Kinder und Jugendliche 2014}},
	year		= 2014,
	url			= "\url{https://de.statista.com/statistik/daten/studie/298176/umfrage/umfrage-zur-nutzung-sozialer-netzwerke-durch-kinder-und-jugendliche/}",
	urldate		= {27.11.2016}
}

http://www.phil-fak.uni-duesseldorf.de/fileadmin/Redaktion/Institute/Informationswissenschaft/stock/How_Safe_is_younow.pdf


